@inproceedings{Zesch:08,
 author = {Zesch, Torsten and M\"{u}ller, Christof and Gurevych, Iryna},
 title = {{Using Wiktionary for Computing Semantic Relatedness}},
 booktitle = {Proceedings of the 23rd National Conference on Artificial Intelligence - Volume 2},
 series = {AAAI'08},
 year = {2008},
 isbn = {978-1-57735-368-3},
 location = {Chicago, Illinois},
 pages = {861--866},
 numpages = {6},
 acmid = {1620206},
 publisher = {AAAI Press},
  language = {english},
}

@inproceedings{Resnik:95,
  author = {Resnik, Philip},
  title = {{Using Information Content to Evaluate Semantic Similarity in a Taxonomy}},
  booktitle = {Proceedings of the 14th International Joint Conference on Artificial Intelligence - Volume 1},
  series = {IJCAI'95},
  year = {1995},
  isbn = {1-55860-363-8, 978-1-558-60363-9},
  location = {Montreal, Quebec, Canada},
  pages = {448--453},
  numpages = {6},
  acmid = {1625914},
  publisher = {Morgan Kaufmann Publishers Inc.},
  language = {english},
} 

@inproceedings{Lin:98,
  author = {Lin, Dekang},
  title = {{An Information-Theoretic Definition of Similarity}},
  booktitle = {Proceedings of the Fifteenth International Conference on Machine Learning},
  series = {ICML '98},
  year = {1998},
  isbn = {1-55860-556-8},
  pages = {296--304},
  numpages = {9},
  acmid = {657297},
  publisher = {Morgan Kaufmann Publishers Inc.},
  language = {english},
}

@inproceedings{Patwardhan:06,
  author    = {Patwardhan, Siddharth and Pedersen, Ted},
  title     = {{Using WordNet-based Context Vectors to Estimate the Semantic Relatedness of Concepts}},
  booktitle = {Proceedings of the Workshop on Making Sense of Sense: Bringing Psycholinguistics and Computational Linguistics Together},
  year      = {2006},
  pages     = {1--8},
  location  = {Trento, Italy},
  publisher = {Association for Computational Linguistics},
  language  = {english},
}

@article{Biemann:13,
  title={{Text: Now in 2D! a framework for lexical expansion with contextual similarity}},
  author={Biemann, Chris and Riedl, Martin},
  journal={Journal of Language Modelling},
  volume={1},
  number={1},
  pages={55--95},
  year={2013},
  language={english},
}

@phdthesis{Sahlgren:06,
  title={{The Word-Space Model: Using distributional analysis to represent syntagmatic and paradigmatic relations between words in high-dimensional vector spaces}},
  author={Sahlgren, Magnus},
  year={2006},
  school={Stockholm University},
  language={english},
}

@phdthesis{vanDeCruys:10,
  title={{Mining for Meaning: The Extraction of Lexicosemantic Knowledge from Text}},
  author={Van de Cruys, Tim},
  journal={Groningen Dissertations in Linguistics},
  year={2010},
  school={University of Groningen},
  language={english},
}

@inproceedings{Ferraresi:08,
  title={{Introducing and evaluating ukWaC, a very large Web-derived corpus of English}},
  author={Ferraresi, Adriano and Zanchetta, Eros and Bernardini, Silvia and Baroni, Marco},
  booktitle={Proceedings of the 4th Web as Corpus Workshop (WAC-4): Can we beat Google?},
  pages={47--54},
  year={2008},
  language={english},
}

@article{Bruni:14,
  author = {Bruni, Elia and Tran, Nam Khanh and Baroni, Marco},
  title = {{Multimodal Distributional Semantics}},
  journal = {Journal of Artificial Intelligence Research},
  volume = {49},
  number = {1},
  year = {2014},
  issn = {1076-9757},
  pages = {1--47},
  numpages = {47},
  acmid = {2655714},
  publisher = {AI Access Foundation},
  address = {USA},
  language = {english},
}

@incollection{Griffiths:03,
  title = {{Prediction and Semantic Association}},
  author = {Griffiths, Thomas L. and Steyvers, Mark},
  booktitle = {Advances in Neural Information Processing Systems 15},
  pages = {11--18},
  year = {2003},
  language = {english},
  publisher = {MIT Press},
}

@inproceedings{Rapp:14,
  author    = {Rapp, Reinhard and Zock, Michael},
  title     = {{The CogALex-IV Shared Task on the Lexical Access Problem}},
  booktitle = {Proceedings of the 4th Workshop on Cognitive Aspects of the Lexicon (CogALex)},
  year      = {2014},
  address   = {Dublin, Ireland},
  publisher = {Association for Computational Linguistics and Dublin City University},
  pages     = {1--14},
  language = {english},
}

@incollection{Kiss:73,
  author={Kiss, George R. and Armstrong, Christine and Milroy, Robert and Piper, James},
  title={{An associative thesaurus of English and its computer analysis}},
  booktitle={The Computer and Literary Studies},
  pages={153--165},
  address={Edinburgh, Scotland},
  publisher={Edinburgh University Press},
  year={1973}
}

@article{Miller:95,
  author = {Miller, George A.},
  title = {{WordNet: A Lexical Database for English}},
  journal = {Communications of the ACM},
  volume = {38},
  number = {11},
  year = {1995},
  issn = {0001-0782},
  pages = {39--41},
  numpages = {3},
  doi = {10.1145/219717.219748},
  acmid = {219748},
  publisher = {ACM},
  address = {New York, NY, USA},
  language = {english},
} 

@inproceedings{Postma:14,
  title = {{What implementation and translation teach us: the case of semantic similarity measures in wordnets}},
  booktitle = {Proceedings of the Seventh Global Wordnet Conference},
  author = {Postma, Marten and Vossen, Piek},
  pages = {133--141},
  address = {Tartu, Estonia},
  year = {2014},
  language = {english},
}

@inproceedings{Hassan:09,
  author = {Hassan, Samer and Mihalcea, Rada},
  title = {{Cross-lingual Semantic Relatedness Using Encyclopedic Knowledge}},
  booktitle = {Proceedings of the 2009 Conference on Empirical Methods in Natural Language Processing: Volume 3 - Volume 3},
  series = {EMNLP '09},
  year = {2009},
  isbn = {978-1-932432-63-3},
  location = {Singapore},
  pages = {1192--1201},
  numpages = {10},
  acmid = {1699665},
  publisher = {Association for Computational Linguistics},
  language = {english},
}

@inproceedings{Meyer:12,
  title={{To Exhibit is not to Loiter: A Multilingual, Sense-Disambiguated Wiktionary for Measuring Verb Similarity}},
  author={Meyer, Christian M. and Gurevych, Iryna},
  booktitle={Proceedings of COLING 2012: Technical Papers},
  pages={1763--1780},
  address   = {Mumbai, India},
  publisher = {The COLING 2012 Organizing Committee},
  year={2012},
  language={english},
}

@inproceedings{Yang:06,
  title={{Verb Similarity on the Taxonomy of WordNet}},
  author={Yang, Dongqiang and Powers, David M. W.},
  booktitle = {Proceedings of the Third International WordNet Conference --- GWC 2006},
  pages = {121--128},
  year = {2006},
  location = {South Jeju Island, Korea},
  publisher = {Masaryk University},
  language = {english},
}

@inproceedings{Jin:12,
  author = {Jin, Peng and Wu, Yunfang},
  title = {SemEval-2012 Task 4: Evaluating Chinese Word Similarity},
  booktitle = {Proceedings of the First Joint Conference on Lexical and Computational Semantics - Volume 1: Proceedings of the Main Conference and the Shared Task, and Volume 2: Proceedings of the Sixth International Workshop on Semantic Evaluation},
  series = {SemEval '12},
  year = {2012},
  location = {Montr\Ã©al, Canada},
  pages = {374--377},
  numpages = {4},
  acmid = {2387695},
  publisher = {Association for Computational Linguistics},
  language = {english},
} 

@inbook{Gurevych:05,
  author={Gurevych, Iryna},
  chapter={{Using the Structure of a Conceptual Network in Computing Semantic Relatedness}},
  title={Natural Language Processing -- IJCNLP 2005: Second International Joint Conference, Jeju Island, Korea, October 11-13, 2005. Proceedings},
  year={2005},
  publisher={Springer Berlin Heidelberg},
  pages={767--778},
  isbn={978-3-540-31724-1},
  doi={10.1007/11562214_67},
  language = {english},
}

@article{Batet:11,
  title={{An ontology-based measure to compute semantic similarity in biomedicine}},
  author={Batet, Montserrat and S{\'a}nchez, David and Valls, Aida},
  journal={Journal of Biomedical Informatics},
  volume={44},
  number={1},
  pages={118--125},
  issn={1532-0464},
  year={2011},
  publisher={Elsevier},
  language = {english},
}

@article{Budanitsky:06,
  author = {Budanitsky, Alexander and Hirst, Graeme},
  title = {{Evaluating WordNet-based Measures of Lexical Semantic Relatedness}},
  journal = {Computational Linguistics},
  volume = {32},
  number = {1},
  year = {2006},
  issn = {0891-2017},
  pages = {13--47},
  numpages = {35},
  doi = {10.1162/coli.2006.32.1.13},
  acmid = {1168108},
  publisher = {MIT Press},
  address = {Cambridge, MA, USA},
  language = {english},
}

@inproceedings{Gabrilovich:07,
  author = {Gabrilovich, Evgeniy and Markovitch, Shaul},
  title = {{Computing Semantic Relatedness Using Wikipedia-based Explicit Semantic Analysis}},
  booktitle = {Proceedings of the 20th International Joint Conference on Artifical Intelligence},
  series = {IJCAI'07},
  year = {2007},
  location = {Hyderabad, India},
  pages = {1606--1611},
  numpages = {6},
  acmid = {1625535},
  publisher = {Morgan Kaufmann Publishers Inc.},
  address = {San Francisco, CA, USA},
  language = {english},
} 

@article{Pedersen:07,
  author = {Pedersen, Ted and Pakhomov, Serguei V.S. and Patwardhan, Siddharth and G. Chute, Christopher},
  title = {{Measures of semantic similarity and relatedness in the biomedical domain}},
  journal = {Journal of Biomedical Informatics},
  volume = {40},
  number = {3},
  pages = {288--299},
  year = {2007},
  issn = {1532-0464},
  doi = {10.1016/j.jbi.2006.06.004},
  language = {english},
}

@inproceedings{Agirre:09,
  author = {Agirre, Eneko and Alfonseca, Enrique and Hall, Keith and Kravalova, Jana and Pa\c{s}ca, Marius and Soroa, Aitor},
  title = {{A Study on Similarity and Relatedness Using Distributional and WordNet-based Approaches}},
  booktitle = {Proceedings of Human Language Technologies: The 2009 Annual Conference of the North American Chapter of the Association for Computational Linguistics},
  series = {NAACL '09},
  year = {2009},
  isbn = {978-1-932432-41-1},
  location = {Boulder, Colorado},
  pages = {19--27},
  numpages = {9},
  acmid = {1620758},
  publisher = {Association for Computational Linguistics},
  language = {english},
}

@inproceedings{Faruqui:14,
  author    = {Faruqui, Manaal and Dyer, Chris},
  title     = {{Community Evaluation and Exchange of Word Vectors at wordvectors.org}},
  booktitle = {Proceedings of the 52nd Annual Meeting of the Association for Computational Linguistics: System Demonstrations},
  year      = {2014},
  pages     = {19--24},
  address   = {Baltimore, USA},
  publisher = {Association for Computational Linguistics}
}

@inproceedings{Bar:12,
  author = {B\"{a}r, Daniel and Biemann, Chris and Gurevych, Iryna and Zesch, Torsten},
  title = {{UKP: Computing Semantic Textual Similarity by Combining Multiple Content Similarity Measures}},
  booktitle = {Proceedings of the First Joint Conference on Lexical and Computational Semantics - Volume 1: Proceedings of the Main Conference and the Shared Task, and Volume 2: Proceedings of the Sixth International Workshop on Semantic Evaluation},
  series = {SemEval '12},
  year = {2012},
  location = {Montr\Ã©al, Canada},
  pages = {435--440},
  numpages = {6},
  acmid = {2387707},
  publisher = {Association for Computational Linguistics},
  language = {english},
}

@article{Tsatsaronis:10,
  author = {Tsatsaronis, George and Varlamis, Iraklis and Vazirgiannis, Michalis},
  title = {{Text Relatedness Based on a Word Thesaurus}},
  journal = {Journal of Artificial Intelligence Research},
  volume = {37},
  number = {1},
  year = {2010},
  issn = {1076-9757},
  pages = {1--40},
  numpages = {40},
  acmid = {1861752},
  publisher = {AI Access Foundation},
  address = {USA},
  language = {english},
}

@inbook{Hsu:06,
  author={Hsu, Ming-Hung and Tsai, Ming-Feng and Chen, Hsin-Hsi},
  chapter={{Query Expansion with ConceptNet and WordNet: An Intrinsic Comparison}},
  title={Information Retrieval Technology: Third Asia Information Retrieval Symposium, AIRS 2006, Singapore, October 16-18, 2006. Proceedings},
  year={2006},
  publisher={Springer Berlin Heidelberg},
  pages={1--13},
  isbn={978-3-540-46237-8},
  doi={10.1007/11880592_1},
  language={english},
}

@phdthesis{Panchenko:13,
  title={{Similarity Measures for Semantic Relation Extraction}},
  author={Panchenko, Alexander},
  year={2013},
  school={UCLouvain},
  language={english},
}

@inbook{Patwardhan:03,
  author={Patwardhan, Siddharth and Banerjee, Satanjeev and Pedersen, Ted},
  chapter={{Using Measures of Semantic Relatedness for Word Sense Disambiguation}},
  title={Computational Linguistics and Intelligent Text Processing: 4th International Conference, CICLing 2003 Mexico City, Mexico, February 16--22, 2003 Proceedings},
  year={2003},
  publisher={Springer Berlin Heidelberg},
  address={Berlin, Heidelberg},
  pages={241--257},
  isbn={978-3-540-36456-6},
  doi={10.1007/3-540-36456-0_24},
  language  = {english},
}

@incollection{Arefyev:15,
  author    = {Arefyev, N. and Panchenko, A. and Lukanin, A. and Lesota, O. and Romanov,  P.},
  title     = {{Evaluating Three Corpus-Based Semantic Similarity Systems for Russian}},
  booktitle = {Computational Linguistics and Intellectual Technologies: papers from the Annual conference ``Dialogue''},
  year      = {2015},
  volume    = {2},
  pages     = {106--118},
  address   = {Moscow},
  publisher = {RGGU},
  language  = {english},
}

@inproceedings{Baroni:11,
  author    = {Baroni, Marco and Lenci, Alessandro},
  title     = {{How We BLESSed Distributional Semantic Evaluation}},
  booktitle = {Proceedings of the GEMS 2011 Workshop on GEometrical Models of Natural Language Semantics},
  series    = {GEMS '11},
  year      = {2011},
  isbn      = {978-1-937284-16-9},
  location  = {Edinburgh, Scotland},
  pages     = {1--10},
  numpages  = {10},
  acmid     = {2140491},
  publisher = {Association for Computational Linguistics},
  language  = {english},
}

@inproceedings{Finkelstein:01,
  author    = {Finkelstein, Lev and Gabrilovich, Evgeniy and Matias, Yossi and Rivlin, Ehud and Solan, Zach and Wolfman, Gadi and Ruppin, Eytan},
  title     = {{Placing Search in Context: The Concept Revisited}},
  booktitle = {Proceedings of the 10th International Conference on World Wide Web},
  series    = {WWW '01},
  year      = {2001},
  isbn      = {1-58113-348-0},
  location  = {Hong Kong, Hong Kong},
  pages     = {406--414},
  numpages  = {9},
  doi       = {10.1145/371920.372094},
  acmid     = {372094},
  publisher = {ACM},
  address   = {New York, NY, USA},
  language  = {english},
}

@article{Hill:15,
  author    = {Hill, Felix and Reichart, Roi and Korhonen, Anna},
  title     = {{SimLex-999: Evaluating Semantic Models With (Genuine) Similarity Estimation}},
  journal   = {Computational Linguistics},
  volume    = {41},
  number    = {4},
  publisher = {Association for Computational Linguistics},
  pages     = {665--695},
  doi       = {10.1162/COLI_a_00237},
  year      = {2015},
  language  = {english},
}

@inproceedings{Loukachevitch:14,
  author    = {Loukachevitch, N. V. and Dobrov, B. V. and Chetviorkin, I. I.},
  title     = {{RuThes-Lite, a publicly available version of Thesaurus of Russian language RuThes}},
  booktitle = {Computational Linguistics and Intellectual Technologies: papers from the Annual conference ``Dialogue''},
  year      = {2014},
  pages     = {340--349},
  address   = {Moscow},
  publisher = {RGGU},
  language  = {english},
}

@incollection{Mikolov:13,
  author    = {Mikolov, Tomas and Sutskever, Ilya and Chen, Kai and Corrado, Greg S and Dean, Jeff},
  title     = {{Distributed Representations of Words and Phrases and their Compositionality}},
  booktitle = {Advances in Neural Information Processing Systems 26},
  pages     = {3111--3119},
  year      = {2013},
  publisher = {Curran Associates, Inc.},
  language  = {english},
}

@article{Miller:91,
  author    = {Miller, George A. and Charles, Walter G.},
  title     = {Contextual correlates of semantic similarity},
  journal   = {Language and Cognitive Processes},
  volume    = {6},
  number    = {1},
  pages     = {1--28},
  year      = {1991},
  publisher = {Taylor \& Francis},
  language  = {english},
}

@incollection{Panchenko:15,
  author    = {Panchenko, A. and Loukachevitch, N. V. and Ustalov, D. and Paperno, D. and Meyer, C. M. and Konstantinova, N.},
  title     = {{RUSSE: The First Workshop on Russian Semantic Similarity}},
  booktitle = {Computational Linguistics and Intellectual Technologies: papers from the Annual conference ``Dialogue''},
  year      = {2015},
  volume    = {2},
  pages     = {89--105},
  address   = {Moscow},
  publisher = {RGGU},
  language  = {english},
}

@incollection{Lopukhin:15,
  author    = {Lopukhin, K. A. and Lopukhina, A. A. and Nosyrev, G. V.},
  title     = {{The Impact of Different Vector Space Models and Supplementary Techniques on Russian Semantic Similarity Task}},
  booktitle = {Computational Linguistics and Intellectual Technologies: Papers from the Annual conference ``Dialogue''},
  year      = {2015},
  volume    = {2},
  pages     = {115--127},
  address   = {Moscow},
  publisher = {RGGU},
  language  = {english},
}

@article{Rubenstein:65,
  author    = {Rubenstein, Herbert and Goodenough, John B.},
  title     = {Contextual Correlates of Synonymy},
  journal   = {Communications of the ACM},
  volume    = {8},
  number    = {10},
  year      = {1965},
  issn      = {0001-0782},
  pages     = {627--633},
  numpages  = {7},
  publisher = {ACM},
  address   = {New York, NY, USA},
  language  = {english},
}

@article{Ustalov:15:ispras,
  author    = {Ustalov, Dmitry},
  title     = {{A Crowdsourcing Engine for Mechanized Labor}},
  journal   = {Proceedings of the Institute for System Programming},
  pages     = {351--364},
  volume    = {27},
  number    = {3},
  year      = {2015},
  address   = {Moscow},
  publisher = {ISP RAS},
  issn      = {2220-6426},
  doi       = {10.15514/ISPRAS-2015-27(3)-25},
  language  = {english},
}

@inbook{Korobov:15,
  author={Korobov, Mikhail},
  chapter={{Morphological Analyzer and Generator for Russian and Ukrainian Languages}},
  title={Analysis of Images, Social Networks and Texts: 4th International Conference, AIST 2015, Yekaterinburg, Russia, April 9--11, 2015, Revised Selected Papers},
  year={2015},
  publisher={Springer International Publishing},
  pages={320--332},
  isbn={978-3-319-26123-2},
  doi={10.1007/978-3-319-26123-2_31},
  language  = {english},
}
